


  @Manual{DiagrammeR,
    title = {DiagrammeR: Graph/Network Visualization},
    author = {Richard Iannone},
    year = {2020},
    note = {R package version 1.0.5},
    url = {https://CRAN.R-project.org/package=DiagrammeR},
  }




@book{bussab,
  title={Estat{\'\i}stica b{\'a}sica},
  author={Morettin, Pedro Alberto e BUSSAB, WILTON OLIVEIRA},
  year={2017},
  publisher={Editora Saraiva}
}



@book{larson2004estatistica,
  title={Estat{\'\i}stica aplicada},
  author={Larson, Ron and Farber, Betsy and Cyro; traduc{\~a}o t{\'e}cnica Patarra},
  year={2004},
  publisher={Prentice Hall}
}




@book{morettin2010estatistica,
  title={Estatistica basica: probabilidade e infer{\^e}ncia : volume {\'u}nico},
  author={Morettin, L.G.},
  url={https://books.google.com.br/books?id=BxERQgAACAAJ},
  year={2010},
  publisher={MAKRON}
}




@book{ross2009probabilidade,
  title={Probabilidade: Um Curso Moderno com Aplica{\c{c}}{\~o}es},
  author={Ross, S.},
  url={https://books.google.com.br/books?id=ZKXtwsmyPFcC},
  year={2009},
  publisher={Bookman}
}





@misc{william1981estatistica,
  title={Estat{\'\i}stica aplicada {\`a} administra{\c{c}}{\~a}o},
  author={WILLIAM, J Stevenson},
  year={1981},
  publisher={S{\~a}o Paulo: Harper \& Row do Brasil}
}




@book{barbetta2004,
  title={Estat{\'\i}stica: para cursos de engenharia e inform{\'a}tica},
  author={Barbetta, Pedro Alberto and Reis, Marcelo Menezes and Bornia, Antonio Cezar},
  volume={3},
  year={2004},
  publisher={Atlas S{\~a}o Paulo}
}

@book{hazzan2013,
  title={Fundamentos de matem{\'a}tica elementar, 5, Combinat{\'o}ria,  Probabilidade },
  author={ Hazzan, Samuel},
  year={2013},
  publisher={Atual, S{\~a}o  Paulo - SP}
}















